%YAML 1.1
%TAG !u! tag:unity3d.com,2011:
--- !u!29 &1
OcclusionCullingSettings:
  m_ObjectHideFlags: 0
  serializedVersion: 2
  m_OcclusionBakeSettings:
    smallestOccluder: 5
    smallestHole: 0.25
    backfaceThreshold: 100
  m_SceneGUID: 00000000000000000000000000000000
  m_OcclusionCullingData: {fileID: 0}
--- !u!104 &2
RenderSettings:
  m_ObjectHideFlags: 0
  serializedVersion: 9
  m_Fog: 0
  m_FogColor: {r: 0.5, g: 0.5, b: 0.5, a: 1}
  m_FogMode: 3
  m_FogDensity: 0.01
  m_LinearFogStart: 0
  m_LinearFogEnd: 300
  m_AmbientSkyColor: {r: 0.212, g: 0.227, b: 0.259, a: 1}
  m_AmbientEquatorColor: {r: 0.114, g: 0.125, b: 0.133, a: 1}
  m_AmbientGroundColor: {r: 0.047, g: 0.043, b: 0.035, a: 1}
  m_AmbientIntensity: 1
  m_AmbientMode: 3
  m_SubtractiveShadowColor: {r: 0.42, g: 0.478, b: 0.627, a: 1}
  m_SkyboxMaterial: {fileID: 0}
  m_HaloStrength: 0.5
  m_FlareStrength: 1
  m_FlareFadeSpeed: 3
  m_HaloTexture: {fileID: 0}
  m_SpotCookie: {fileID: 10001, guid: 0000000000000000e000000000000000, type: 0}
  m_DefaultReflectionMode: 0
  m_DefaultReflectionResolution: 128
  m_ReflectionBounces: 1
  m_ReflectionIntensity: 1
  m_CustomReflection: {fileID: 0}
  m_Sun: {fileID: 0}
  m_IndirectSpecularColor: {r: 0, g: 0, b: 0, a: 1}
  m_UseRadianceAmbientProbe: 0
--- !u!157 &3
LightmapSettings:
  m_ObjectHideFlags: 0
  serializedVersion: 11
  m_GIWorkflowMode: 1
  m_GISettings:
    serializedVersion: 2
    m_BounceScale: 1
    m_IndirectOutputScale: 1
    m_AlbedoBoost: 1
    m_TemporalCoherenceThreshold: 1
    m_EnvironmentLightingMode: 0
    m_EnableBakedLightmaps: 0
    m_EnableRealtimeLightmaps: 0
  m_LightmapEditorSettings:
    serializedVersion: 10
    m_Resolution: 2
    m_BakeResolution: 40
    m_AtlasSize: 1024
    m_AO: 0
    m_AOMaxDistance: 1
    m_CompAOExponent: 1
    m_CompAOExponentDirect: 0
    m_Padding: 2
    m_LightmapParameters: {fileID: 0}
    m_LightmapsBakeMode: 1
    m_TextureCompression: 1
    m_FinalGather: 0
    m_FinalGatherFiltering: 1
    m_FinalGatherRayCount: 256
    m_ReflectionCompression: 2
    m_MixedBakeMode: 2
    m_BakeBackend: 1
    m_PVRSampling: 1
    m_PVRDirectSampleCount: 32
    m_PVRSampleCount: 500
    m_PVRBounces: 2
    m_PVRFilterTypeDirect: 0
    m_PVRFilterTypeIndirect: 0
    m_PVRFilterTypeAO: 0
    m_PVRFilteringMode: 1
    m_PVRCulling: 1
    m_PVRFilteringGaussRadiusDirect: 1
    m_PVRFilteringGaussRadiusIndirect: 5
    m_PVRFilteringGaussRadiusAO: 2
    m_PVRFilteringAtrousPositionSigmaDirect: 0.5
    m_PVRFilteringAtrousPositionSigmaIndirect: 2
    m_PVRFilteringAtrousPositionSigmaAO: 1
    m_ShowResolutionOverlay: 1
  m_LightingDataAsset: {fileID: 0}
  m_UseShadowmask: 1
--- !u!196 &4
NavMeshSettings:
  serializedVersion: 2
  m_ObjectHideFlags: 0
  m_BuildSettings:
    serializedVersion: 2
    agentTypeID: 0
    agentRadius: 0.5
    agentHeight: 2
    agentSlope: 45
    agentClimb: 0.4
    ledgeDropHeight: 0
    maxJumpAcrossDistance: 0
    minRegionArea: 2
    manualCellSize: 0
    cellSize: 0.16666667
    manualTileSize: 0
    tileSize: 256
    accuratePlacement: 0
    debug:
      m_Flags: 0
  m_NavMeshData: {fileID: 0}
--- !u!1 &11806547
GameObject:
  m_ObjectHideFlags: 0
  m_CorrespondingSourceObject: {fileID: 0}
  m_PrefabInternal: {fileID: 0}
  serializedVersion: 6
  m_Component:
  - component: {fileID: 11806551}
  - component: {fileID: 11806550}
  - component: {fileID: 11806549}
  m_Layer: 0
  m_Name: Ground
  m_TagString: Untagged
  m_Icon: {fileID: 0}
  m_NavMeshLayer: 0
  m_StaticEditorFlags: 0
  m_IsActive: 1
--- !u!23 &11806549
MeshRenderer:
  m_ObjectHideFlags: 0
  m_CorrespondingSourceObject: {fileID: 0}
  m_PrefabInternal: {fileID: 0}
  m_GameObject: {fileID: 11806547}
  m_Enabled: 1
  m_CastShadows: 0
  m_ReceiveShadows: 1
  m_DynamicOccludee: 1
  m_MotionVectors: 1
  m_LightProbeUsage: 1
  m_ReflectionProbeUsage: 1
  m_RenderingLayerMask: 4294967295
  m_Materials:
  - {fileID: 2100000, guid: d7155f8276143714aab16bad485e469d, type: 2}
  m_StaticBatchInfo:
    firstSubMesh: 0
    subMeshCount: 0
  m_StaticBatchRoot: {fileID: 0}
  m_ProbeAnchor: {fileID: 0}
  m_LightProbeVolumeOverride: {fileID: 0}
  m_ScaleInLightmap: 1
  m_PreserveUVs: 0
  m_IgnoreNormalsForChartDetection: 0
  m_ImportantGI: 0
  m_StitchLightmapSeams: 0
  m_SelectedEditorRenderState: 3
  m_MinimumChartSize: 4
  m_AutoUVMaxDistance: 0.5
  m_AutoUVMaxAngle: 89
  m_LightmapParameters: {fileID: 0}
  m_SortingLayerID: 0
  m_SortingLayer: 0
  m_SortingOrder: 0
--- !u!33 &11806550
MeshFilter:
  m_ObjectHideFlags: 0
  m_CorrespondingSourceObject: {fileID: 0}
  m_PrefabInternal: {fileID: 0}
  m_GameObject: {fileID: 11806547}
  m_Mesh: {fileID: 10209, guid: 0000000000000000e000000000000000, type: 0}
--- !u!4 &11806551
Transform:
  m_ObjectHideFlags: 0
  m_CorrespondingSourceObject: {fileID: 0}
  m_PrefabInternal: {fileID: 0}
  m_GameObject: {fileID: 11806547}
  m_LocalRotation: {x: -0, y: -0, z: -0, w: 1}
  m_LocalPosition: {x: 3.8884292, y: 8.028222, z: -9.428308}
  m_LocalScale: {x: 10, y: 2, z: 10}
  m_Children: []
  m_Father: {fileID: 170124504}
  m_RootOrder: 9
  m_LocalEulerAnglesHint: {x: 0, y: 0, z: 0}
--- !u!1 &107239298
GameObject:
  m_ObjectHideFlags: 0
  m_CorrespondingSourceObject: {fileID: 0}
  m_PrefabInternal: {fileID: 0}
  serializedVersion: 6
  m_Component:
  - component: {fileID: 107239299}
  - component: {fileID: 107239301}
  - component: {fileID: 107239300}
  m_Layer: 5
  m_Name: TurnText
  m_TagString: Untagged
  m_Icon: {fileID: 0}
  m_NavMeshLayer: 0
  m_StaticEditorFlags: 0
  m_IsActive: 1
--- !u!224 &107239299
RectTransform:
  m_ObjectHideFlags: 0
  m_CorrespondingSourceObject: {fileID: 0}
  m_PrefabInternal: {fileID: 0}
  m_GameObject: {fileID: 107239298}
  m_LocalRotation: {x: -0, y: -0, z: -0, w: 1}
  m_LocalPosition: {x: 0, y: 0, z: 0}
  m_LocalScale: {x: 1, y: 1, z: 1}
  m_Children: []
  m_Father: {fileID: 242738157}
  m_RootOrder: 1
  m_LocalEulerAnglesHint: {x: 0, y: 0, z: 0}
  m_AnchorMin: {x: 0.5, y: 0.5}
  m_AnchorMax: {x: 0.5, y: 0.5}
  m_AnchoredPosition: {x: 0, y: 0}
  m_SizeDelta: {x: 200, y: 200}
  m_Pivot: {x: 0.5, y: 0.5}
--- !u!114 &107239300
MonoBehaviour:
  m_ObjectHideFlags: 0
  m_CorrespondingSourceObject: {fileID: 0}
  m_PrefabInternal: {fileID: 0}
  m_GameObject: {fileID: 107239298}
  m_Enabled: 1
  m_EditorHideFlags: 0
  m_Script: {fileID: 708705254, guid: f70555f144d8491a825f0804e09c671c, type: 3}
  m_Name: 
  m_EditorClassIdentifier: 
  m_Material: {fileID: 0}
  m_Color: {r: 0.8584906, g: 0.27024585, b: 0.24701849, a: 1}
  m_RaycastTarget: 0
  m_OnCullStateChanged:
    m_PersistentCalls:
      m_Calls: []
    m_TypeName: UnityEngine.UI.MaskableGraphic+CullStateChangedEvent, UnityEngine.UI,
      Version=1.0.0.0, Culture=neutral, PublicKeyToken=null
  m_FontData:
    m_Font: {fileID: 10102, guid: 0000000000000000e000000000000000, type: 0}
    m_FontSize: 40
    m_FontStyle: 1
    m_BestFit: 0
    m_MinSize: 4
    m_MaxSize: 40
    m_Alignment: 4
    m_AlignByGeometry: 0
    m_RichText: 0
    m_HorizontalOverflow: 1
    m_VerticalOverflow: 1
    m_LineSpacing: 1
  m_Text: YOUR TURN
--- !u!222 &107239301
CanvasRenderer:
  m_ObjectHideFlags: 0
  m_CorrespondingSourceObject: {fileID: 0}
  m_PrefabInternal: {fileID: 0}
  m_GameObject: {fileID: 107239298}
  m_CullTransparentMesh: 1
--- !u!1 &170124503
GameObject:
  m_ObjectHideFlags: 0
  m_CorrespondingSourceObject: {fileID: 0}
  m_PrefabInternal: {fileID: 0}
  serializedVersion: 6
  m_Component:
  - component: {fileID: 170124504}
  m_Layer: 0
  m_Name: Env
  m_TagString: Untagged
  m_Icon: {fileID: 0}
  m_NavMeshLayer: 0
  m_StaticEditorFlags: 0
  m_IsActive: 1
--- !u!4 &170124504
Transform:
  m_ObjectHideFlags: 0
  m_CorrespondingSourceObject: {fileID: 0}
  m_PrefabInternal: {fileID: 0}
  m_GameObject: {fileID: 170124503}
  m_LocalRotation: {x: 0, y: 0, z: 0, w: 1}
  m_LocalPosition: {x: -3.8884292, y: -9.028222, z: 9.428308}
  m_LocalScale: {x: 1, y: 1, z: 1}
  m_Children:
  - {fileID: 1816624611}
  - {fileID: 1787426037}
  - {fileID: 1549569619}
  - {fileID: 1501725895}
  - {fileID: 1868247340}
  - {fileID: 1544050975}
  - {fileID: 737099778}
  - {fileID: 1382926477}
  - {fileID: 644710282}
  - {fileID: 11806551}
  m_Father: {fileID: 0}
  m_RootOrder: 4
  m_LocalEulerAnglesHint: {x: 0, y: 0, z: 0}
--- !u!1 &242738153
GameObject:
  m_ObjectHideFlags: 0
  m_CorrespondingSourceObject: {fileID: 0}
  m_PrefabInternal: {fileID: 0}
  serializedVersion: 6
  m_Component:
  - component: {fileID: 242738157}
  - component: {fileID: 242738156}
  - component: {fileID: 242738155}
  - component: {fileID: 242738154}
  m_Layer: 5
  m_Name: Canvas
  m_TagString: Untagged
  m_Icon: {fileID: 0}
  m_NavMeshLayer: 0
  m_StaticEditorFlags: 0
  m_IsActive: 1
--- !u!114 &242738154
MonoBehaviour:
  m_ObjectHideFlags: 0
  m_CorrespondingSourceObject: {fileID: 0}
  m_PrefabInternal: {fileID: 0}
  m_GameObject: {fileID: 242738153}
  m_Enabled: 1
  m_EditorHideFlags: 0
  m_Script: {fileID: 1301386320, guid: f70555f144d8491a825f0804e09c671c, type: 3}
  m_Name: 
  m_EditorClassIdentifier: 
  m_IgnoreReversedGraphics: 1
  m_BlockingObjects: 0
  m_BlockingMask:
    serializedVersion: 2
    m_Bits: 4294967295
--- !u!114 &242738155
MonoBehaviour:
  m_ObjectHideFlags: 0
  m_CorrespondingSourceObject: {fileID: 0}
  m_PrefabInternal: {fileID: 0}
  m_GameObject: {fileID: 242738153}
  m_Enabled: 1
  m_EditorHideFlags: 0
  m_Script: {fileID: 1980459831, guid: f70555f144d8491a825f0804e09c671c, type: 3}
  m_Name: 
  m_EditorClassIdentifier: 
  m_UiScaleMode: 0
  m_ReferencePixelsPerUnit: 100
  m_ScaleFactor: 1
  m_ReferenceResolution: {x: 800, y: 600}
  m_ScreenMatchMode: 0
  m_MatchWidthOrHeight: 0
  m_PhysicalUnit: 3
  m_FallbackScreenDPI: 96
  m_DefaultSpriteDPI: 96
  m_DynamicPixelsPerUnit: 1
--- !u!223 &242738156
Canvas:
  m_ObjectHideFlags: 0
  m_CorrespondingSourceObject: {fileID: 0}
  m_PrefabInternal: {fileID: 0}
  m_GameObject: {fileID: 242738153}
  m_Enabled: 1
  serializedVersion: 3
  m_RenderMode: 0
  m_Camera: {fileID: 0}
  m_PlaneDistance: 100
  m_PixelPerfect: 0
  m_ReceivesEvents: 1
  m_OverrideSorting: 0
  m_OverridePixelPerfect: 0
  m_SortingBucketNormalizedSize: 0
  m_AdditionalShaderChannelsFlag: 0
  m_SortingLayerID: 0
  m_SortingOrder: 0
  m_TargetDisplay: 0
--- !u!224 &242738157
RectTransform:
  m_ObjectHideFlags: 0
  m_CorrespondingSourceObject: {fileID: 0}
  m_PrefabInternal: {fileID: 0}
  m_GameObject: {fileID: 242738153}
  m_LocalRotation: {x: 0, y: 0, z: 0, w: 1}
  m_LocalPosition: {x: 0, y: 0, z: 0}
  m_LocalScale: {x: 0, y: 0, z: 0}
  m_Children:
  - {fileID: 652118671}
  - {fileID: 107239299}
  - {fileID: 1572599816}
  m_Father: {fileID: 0}
  m_RootOrder: 2
  m_LocalEulerAnglesHint: {x: 0, y: 0, z: 0}
  m_AnchorMin: {x: 0, y: 0}
  m_AnchorMax: {x: 0, y: 0}
  m_AnchoredPosition: {x: 0, y: 0}
  m_SizeDelta: {x: 0, y: 0}
  m_Pivot: {x: 0, y: 0}
--- !u!1 &463332961
GameObject:
  m_ObjectHideFlags: 0
  m_CorrespondingSourceObject: {fileID: 0}
  m_PrefabInternal: {fileID: 0}
  serializedVersion: 6
  m_Component:
  - component: {fileID: 463332964}
  - component: {fileID: 463332963}
  - component: {fileID: 463332962}
  m_Layer: 0
  m_Name: EventSystem
  m_TagString: Untagged
  m_Icon: {fileID: 0}
  m_NavMeshLayer: 0
  m_StaticEditorFlags: 0
  m_IsActive: 1
--- !u!114 &463332962
MonoBehaviour:
  m_ObjectHideFlags: 0
  m_CorrespondingSourceObject: {fileID: 0}
  m_PrefabInternal: {fileID: 0}
  m_GameObject: {fileID: 463332961}
  m_Enabled: 1
  m_EditorHideFlags: 0
  m_Script: {fileID: 1077351063, guid: f70555f144d8491a825f0804e09c671c, type: 3}
  m_Name: 
  m_EditorClassIdentifier: 
  m_HorizontalAxis: Horizontal
  m_VerticalAxis: Vertical
  m_SubmitButton: Submit
  m_CancelButton: Cancel
  m_InputActionsPerSecond: 10
  m_RepeatDelay: 0.5
  m_ForceModuleActive: 0
--- !u!114 &463332963
MonoBehaviour:
  m_ObjectHideFlags: 0
  m_CorrespondingSourceObject: {fileID: 0}
  m_PrefabInternal: {fileID: 0}
  m_GameObject: {fileID: 463332961}
  m_Enabled: 1
  m_EditorHideFlags: 0
  m_Script: {fileID: -619905303, guid: f70555f144d8491a825f0804e09c671c, type: 3}
  m_Name: 
  m_EditorClassIdentifier: 
  m_FirstSelected: {fileID: 0}
  m_sendNavigationEvents: 1
  m_DragThreshold: 10
--- !u!4 &463332964
Transform:
  m_ObjectHideFlags: 0
  m_CorrespondingSourceObject: {fileID: 0}
  m_PrefabInternal: {fileID: 0}
  m_GameObject: {fileID: 463332961}
  m_LocalRotation: {x: 0, y: 0, z: 0, w: 1}
  m_LocalPosition: {x: 0, y: 0, z: 0}
  m_LocalScale: {x: 1, y: 1, z: 1}
  m_Children: []
  m_Father: {fileID: 0}
  m_RootOrder: 3
  m_LocalEulerAnglesHint: {x: 0, y: 0, z: 0}
--- !u!1001 &644710281
Prefab:
  m_ObjectHideFlags: 0
  serializedVersion: 2
  m_Modification:
    m_TransformParent: {fileID: 170124504}
    m_Modifications:
    - target: {fileID: 4209117036739812, guid: cf05a0fd75280e64ca35491bf9e8d594, type: 2}
      propertyPath: m_LocalPosition.x
      value: 3.8884292
      objectReference: {fileID: 0}
    - target: {fileID: 4209117036739812, guid: cf05a0fd75280e64ca35491bf9e8d594, type: 2}
      propertyPath: m_LocalPosition.y
      value: 9.028222
      objectReference: {fileID: 0}
    - target: {fileID: 4209117036739812, guid: cf05a0fd75280e64ca35491bf9e8d594, type: 2}
      propertyPath: m_LocalPosition.z
      value: -9.428308
      objectReference: {fileID: 0}
    - target: {fileID: 4209117036739812, guid: cf05a0fd75280e64ca35491bf9e8d594, type: 2}
      propertyPath: m_LocalRotation.x
      value: -0
      objectReference: {fileID: 0}
    - target: {fileID: 4209117036739812, guid: cf05a0fd75280e64ca35491bf9e8d594, type: 2}
      propertyPath: m_LocalRotation.y
      value: -0
      objectReference: {fileID: 0}
    - target: {fileID: 4209117036739812, guid: cf05a0fd75280e64ca35491bf9e8d594, type: 2}
      propertyPath: m_LocalRotation.z
      value: -0
      objectReference: {fileID: 0}
    - target: {fileID: 4209117036739812, guid: cf05a0fd75280e64ca35491bf9e8d594, type: 2}
      propertyPath: m_LocalRotation.w
      value: 1
      objectReference: {fileID: 0}
    - target: {fileID: 4209117036739812, guid: cf05a0fd75280e64ca35491bf9e8d594, type: 2}
      propertyPath: m_RootOrder
      value: 8
      objectReference: {fileID: 0}
    - target: {fileID: 114001012520373144, guid: cf05a0fd75280e64ca35491bf9e8d594,
        type: 2}
      propertyPath: mainCamera
      value: 
      objectReference: {fileID: 1150971334}
    - target: {fileID: 114001012520373144, guid: cf05a0fd75280e64ca35491bf9e8d594,
        type: 2}
      propertyPath: turnText
      value: 
      objectReference: {fileID: 107239300}
    - target: {fileID: 114001012520373144, guid: cf05a0fd75280e64ca35491bf9e8d594,
        type: 2}
      propertyPath: turnTextBackground
      value: 
      objectReference: {fileID: 652118672}
    m_RemovedComponents: []
  m_SourcePrefab: {fileID: 100100000, guid: cf05a0fd75280e64ca35491bf9e8d594, type: 2}
  m_IsPrefabAsset: 0
--- !u!4 &644710282 stripped
Transform:
  m_CorrespondingSourceObject: {fileID: 4209117036739812, guid: cf05a0fd75280e64ca35491bf9e8d594,
    type: 2}
  m_PrefabInternal: {fileID: 644710281}
--- !u!1 &652118670
GameObject:
  m_ObjectHideFlags: 0
  m_CorrespondingSourceObject: {fileID: 0}
  m_PrefabInternal: {fileID: 0}
  serializedVersion: 6
  m_Component:
  - component: {fileID: 652118671}
  - component: {fileID: 652118673}
  - component: {fileID: 652118672}
  m_Layer: 5
  m_Name: TurnBackground
  m_TagString: Untagged
  m_Icon: {fileID: 0}
  m_NavMeshLayer: 0
  m_StaticEditorFlags: 0
  m_IsActive: 1
--- !u!224 &652118671
RectTransform:
  m_ObjectHideFlags: 0
  m_CorrespondingSourceObject: {fileID: 0}
  m_PrefabInternal: {fileID: 0}
  m_GameObject: {fileID: 652118670}
  m_LocalRotation: {x: 0, y: 0, z: 0, w: 1}
  m_LocalPosition: {x: 0, y: 0, z: 0}
  m_LocalScale: {x: 3, y: 1, z: 1}
  m_Children: []
  m_Father: {fileID: 242738157}
  m_RootOrder: 0
  m_LocalEulerAnglesHint: {x: 0, y: 0, z: 0}
  m_AnchorMin: {x: 0.5, y: 0.5}
  m_AnchorMax: {x: 0.5, y: 0.5}
  m_AnchoredPosition: {x: 0, y: 0}
  m_SizeDelta: {x: 120, y: 120}
  m_Pivot: {x: 0.5, y: 0.5}
--- !u!114 &652118672
MonoBehaviour:
  m_ObjectHideFlags: 0
  m_CorrespondingSourceObject: {fileID: 0}
  m_PrefabInternal: {fileID: 0}
  m_GameObject: {fileID: 652118670}
  m_Enabled: 1
  m_EditorHideFlags: 0
  m_Script: {fileID: -765806418, guid: f70555f144d8491a825f0804e09c671c, type: 3}
  m_Name: 
  m_EditorClassIdentifier: 
  m_Material: {fileID: 0}
  m_Color: {r: 0, g: 0, b: 0, a: 0.8}
  m_RaycastTarget: 0
  m_OnCullStateChanged:
    m_PersistentCalls:
      m_Calls: []
    m_TypeName: UnityEngine.UI.MaskableGraphic+CullStateChangedEvent, UnityEngine.UI,
      Version=1.0.0.0, Culture=neutral, PublicKeyToken=null
  m_Sprite: {fileID: 10913, guid: 0000000000000000f000000000000000, type: 0}
  m_Type: 3
  m_PreserveAspect: 0
  m_FillCenter: 1
  m_FillMethod: 4
  m_FillAmount: 1
  m_FillClockwise: 1
  m_FillOrigin: 0
--- !u!222 &652118673
CanvasRenderer:
  m_ObjectHideFlags: 0
  m_CorrespondingSourceObject: {fileID: 0}
  m_PrefabInternal: {fileID: 0}
  m_GameObject: {fileID: 652118670}
  m_CullTransparentMesh: 0
--- !u!1001 &737099777
Prefab:
  m_ObjectHideFlags: 0
  serializedVersion: 2
  m_Modification:
    m_TransformParent: {fileID: 170124504}
    m_Modifications:
    - target: {fileID: 4373774845158552, guid: 4f2d0794b56acac4382f21cf6688abe2, type: 2}
      propertyPath: m_LocalPosition.x
      value: -4.238587
      objectReference: {fileID: 0}
    - target: {fileID: 4373774845158552, guid: 4f2d0794b56acac4382f21cf6688abe2, type: 2}
      propertyPath: m_LocalPosition.y
      value: 8.124146
      objectReference: {fileID: 0}
    - target: {fileID: 4373774845158552, guid: 4f2d0794b56acac4382f21cf6688abe2, type: 2}
      propertyPath: m_LocalPosition.z
      value: -8.099754
      objectReference: {fileID: 0}
    - target: {fileID: 4373774845158552, guid: 4f2d0794b56acac4382f21cf6688abe2, type: 2}
      propertyPath: m_LocalRotation.x
      value: -0.2547623
      objectReference: {fileID: 0}
    - target: {fileID: 4373774845158552, guid: 4f2d0794b56acac4382f21cf6688abe2, type: 2}
      propertyPath: m_LocalRotation.y
      value: 0.8181359
      objectReference: {fileID: 0}
    - target: {fileID: 4373774845158552, guid: 4f2d0794b56acac4382f21cf6688abe2, type: 2}
      propertyPath: m_LocalRotation.z
      value: 0.48836344
      objectReference: {fileID: 0}
    - target: {fileID: 4373774845158552, guid: 4f2d0794b56acac4382f21cf6688abe2, type: 2}
      propertyPath: m_LocalRotation.w
      value: 0.16507879
      objectReference: {fileID: 0}
    - target: {fileID: 4373774845158552, guid: 4f2d0794b56acac4382f21cf6688abe2, type: 2}
      propertyPath: m_RootOrder
      value: 6
      objectReference: {fileID: 0}
    - target: {fileID: 4373774845158552, guid: 4f2d0794b56acac4382f21cf6688abe2, type: 2}
      propertyPath: m_LocalScale.x
      value: 0.10000005
      objectReference: {fileID: 0}
    - target: {fileID: 4373774845158552, guid: 4f2d0794b56acac4382f21cf6688abe2, type: 2}
      propertyPath: m_LocalScale.y
      value: 0.100000024
      objectReference: {fileID: 0}
    - target: {fileID: 4373774845158552, guid: 4f2d0794b56acac4382f21cf6688abe2, type: 2}
      propertyPath: m_LocalScale.z
      value: 0.10000002
      objectReference: {fileID: 0}
    - target: {fileID: 4373774845158552, guid: 4f2d0794b56acac4382f21cf6688abe2, type: 2}
      propertyPath: m_LocalEulerAnglesHint.z
      value: -33.029003
      objectReference: {fileID: 0}
    - target: {fileID: 4373774845158552, guid: 4f2d0794b56acac4382f21cf6688abe2, type: 2}
      propertyPath: m_LocalEulerAnglesHint.x
      value: -62.032
      objectReference: {fileID: 0}
    - target: {fileID: 4373774845158552, guid: 4f2d0794b56acac4382f21cf6688abe2, type: 2}
      propertyPath: m_LocalEulerAnglesHint.y
      value: 177.399
      objectReference: {fileID: 0}
    m_RemovedComponents: []
  m_SourcePrefab: {fileID: 100100000, guid: 4f2d0794b56acac4382f21cf6688abe2, type: 2}
  m_IsPrefabAsset: 0
--- !u!4 &737099778 stripped
Transform:
  m_CorrespondingSourceObject: {fileID: 4373774845158552, guid: 4f2d0794b56acac4382f21cf6688abe2,
    type: 2}
  m_PrefabInternal: {fileID: 737099777}
--- !u!1 &1092245373
GameObject:
  m_ObjectHideFlags: 0
  m_CorrespondingSourceObject: {fileID: 0}
  m_PrefabInternal: {fileID: 0}
  serializedVersion: 6
  m_Component:
  - component: {fileID: 1092245375}
  - component: {fileID: 1092245374}
  m_Layer: 0
  m_Name: Directional Light
  m_TagString: Untagged
  m_Icon: {fileID: 0}
  m_NavMeshLayer: 0
  m_StaticEditorFlags: 0
  m_IsActive: 1
--- !u!108 &1092245374
Light:
  m_ObjectHideFlags: 0
  m_CorrespondingSourceObject: {fileID: 0}
  m_PrefabInternal: {fileID: 0}
  m_GameObject: {fileID: 1092245373}
  m_Enabled: 1
  serializedVersion: 8
  m_Type: 1
  m_Color: {r: 1, g: 1, b: 1, a: 1}
  m_Intensity: 2
  m_Range: 10
  m_SpotAngle: 30
  m_CookieSize: 10
  m_Shadows:
    m_Type: 0
    m_Resolution: -1
    m_CustomResolution: -1
    m_Strength: 1
    m_Bias: 0.05
    m_NormalBias: 0.4
    m_NearPlane: 0.2
  m_Cookie: {fileID: 0}
  m_DrawHalo: 0
  m_Flare: {fileID: 0}
  m_RenderMode: 0
  m_CullingMask:
    serializedVersion: 2
    m_Bits: 4294967295
  m_Lightmapping: 4
  m_LightShadowCasterMode: 0
  m_AreaSize: {x: 1, y: 1}
  m_BounceIntensity: 1
  m_ColorTemperature: 6570
  m_UseColorTemperature: 0
  m_ShadowRadius: 0
  m_ShadowAngle: 0
--- !u!4 &1092245375
Transform:
  m_ObjectHideFlags: 0
  m_CorrespondingSourceObject: {fileID: 0}
  m_PrefabInternal: {fileID: 0}
  m_GameObject: {fileID: 1092245373}
  m_LocalRotation: {x: 0.67559016, y: 0, z: 0, w: 0.7372774}
  m_LocalPosition: {x: 0, y: 35.52344, z: 0}
  m_LocalScale: {x: 1, y: 1, z: 1}
  m_Children: []
  m_Father: {fileID: 0}
  m_RootOrder: 1
  m_LocalEulerAnglesHint: {x: 85, y: 0, z: 0}
--- !u!1 &1150971332
GameObject:
  m_ObjectHideFlags: 0
  m_CorrespondingSourceObject: {fileID: 0}
  m_PrefabInternal: {fileID: 0}
  serializedVersion: 6
  m_Component:
  - component: {fileID: 1150971335}
  - component: {fileID: 1150971334}
  - component: {fileID: 1150971333}
  m_Layer: 0
  m_Name: Main Camera
  m_TagString: MainCamera
  m_Icon: {fileID: 0}
  m_NavMeshLayer: 0
  m_StaticEditorFlags: 0
  m_IsActive: 1
--- !u!81 &1150971333
AudioListener:
  m_ObjectHideFlags: 0
  m_CorrespondingSourceObject: {fileID: 0}
  m_PrefabInternal: {fileID: 0}
  m_GameObject: {fileID: 1150971332}
  m_Enabled: 1
--- !u!20 &1150971334
Camera:
  m_ObjectHideFlags: 0
  m_CorrespondingSourceObject: {fileID: 0}
  m_PrefabInternal: {fileID: 0}
  m_GameObject: {fileID: 1150971332}
  m_Enabled: 1
  serializedVersion: 2
  m_ClearFlags: 1
  m_BackGroundColor: {r: 0.35686275, g: 0.105882354, b: 0.19215687, a: 0}
  m_projectionMatrixMode: 1
  m_SensorSize: {x: 36, y: 24}
  m_LensShift: {x: 0, y: 0}
  m_FocalLength: 50
  m_NormalizedViewPortRect:
    serializedVersion: 2
    x: 0
    y: 0
    width: 1
    height: 1
  near clip plane: 0.3
  far clip plane: 1000
  field of view: 60
  orthographic: 1
  orthographic size: 6
  m_Depth: -1
  m_CullingMask:
    serializedVersion: 2
    m_Bits: 4294967295
  m_RenderingPath: -1
  m_TargetTexture: {fileID: 0}
  m_TargetDisplay: 0
  m_TargetEye: 3
  m_HDR: 1
  m_AllowMSAA: 1
  m_AllowDynamicResolution: 0
  m_ForceIntoRT: 0
  m_OcclusionCulling: 1
  m_StereoConvergence: 10
  m_StereoSeparation: 0.022
--- !u!4 &1150971335
Transform:
  m_ObjectHideFlags: 0
  m_CorrespondingSourceObject: {fileID: 0}
  m_PrefabInternal: {fileID: 0}
  m_GameObject: {fileID: 1150971332}
  m_LocalRotation: {x: 0.21532597, y: -0.14426367, z: 0.032180663, w: 0.9652913}
  m_LocalPosition: {x: 5.73, y: 5.11, z: -9.47}
  m_LocalScale: {x: 1, y: 1, z: 1}
  m_Children: []
  m_Father: {fileID: 0}
  m_RootOrder: 0
  m_LocalEulerAnglesHint: {x: 25.15, y: -17, z: 0}
--- !u!1001 &1382926476
Prefab:
  m_ObjectHideFlags: 0
  serializedVersion: 2
  m_Modification:
    m_TransformParent: {fileID: 170124504}
    m_Modifications:
    - target: {fileID: 4880098661453440, guid: e93aae60b2fee61418ecce16c961fdd3, type: 2}
      propertyPath: m_LocalPosition.x
      value: -5.3084893
      objectReference: {fileID: 0}
    - target: {fileID: 4880098661453440, guid: e93aae60b2fee61418ecce16c961fdd3, type: 2}
      propertyPath: m_LocalPosition.y
      value: 8.220359
      objectReference: {fileID: 0}
    - target: {fileID: 4880098661453440, guid: e93aae60b2fee61418ecce16c961fdd3, type: 2}
      propertyPath: m_LocalPosition.z
      value: -7.2043514
      objectReference: {fileID: 0}
    - target: {fileID: 4880098661453440, guid: e93aae60b2fee61418ecce16c961fdd3, type: 2}
      propertyPath: m_LocalRotation.x
      value: -0.30216348
      objectReference: {fileID: 0}
    - target: {fileID: 4880098661453440, guid: e93aae60b2fee61418ecce16c961fdd3, type: 2}
      propertyPath: m_LocalRotation.y
      value: 0.6672788
      objectReference: {fileID: 0}
    - target: {fileID: 4880098661453440, guid: e93aae60b2fee61418ecce16c961fdd3, type: 2}
      propertyPath: m_LocalRotation.z
      value: 0.4144513
      objectReference: {fileID: 0}
    - target: {fileID: 4880098661453440, guid: e93aae60b2fee61418ecce16c961fdd3, type: 2}
      propertyPath: m_LocalRotation.w
      value: 0.54006153
      objectReference: {fileID: 0}
    - target: {fileID: 4880098661453440, guid: e93aae60b2fee61418ecce16c961fdd3, type: 2}
      propertyPath: m_RootOrder
      value: 7
      objectReference: {fileID: 0}
    - target: {fileID: 4880098661453440, guid: e93aae60b2fee61418ecce16c961fdd3, type: 2}
      propertyPath: m_LocalScale.x
      value: 0.10000007
      objectReference: {fileID: 0}
    - target: {fileID: 4880098661453440, guid: e93aae60b2fee61418ecce16c961fdd3, type: 2}
      propertyPath: m_LocalScale.y
      value: 0.10000004
      objectReference: {fileID: 0}
    - target: {fileID: 4880098661453440, guid: e93aae60b2fee61418ecce16c961fdd3, type: 2}
      propertyPath: m_LocalScale.z
      value: 0.100000076
      objectReference: {fileID: 0}
    - target: {fileID: 4880098661453440, guid: e93aae60b2fee61418ecce16c961fdd3, type: 2}
      propertyPath: m_LocalEulerAnglesHint.y
      value: 98.839005
      objectReference: {fileID: 0}
    - target: {fileID: 4880098661453440, guid: e93aae60b2fee61418ecce16c961fdd3, type: 2}
      propertyPath: m_LocalEulerAnglesHint.x
      value: -61.58
      objectReference: {fileID: 0}
    - target: {fileID: 4880098661453440, guid: e93aae60b2fee61418ecce16c961fdd3, type: 2}
      propertyPath: m_LocalEulerAnglesHint.z
      value: 5.353
      objectReference: {fileID: 0}
    m_RemovedComponents: []
  m_SourcePrefab: {fileID: 100100000, guid: e93aae60b2fee61418ecce16c961fdd3, type: 2}
  m_IsPrefabAsset: 0
--- !u!4 &1382926477 stripped
Transform:
  m_CorrespondingSourceObject: {fileID: 4880098661453440, guid: e93aae60b2fee61418ecce16c961fdd3,
    type: 2}
  m_PrefabInternal: {fileID: 1382926476}
--- !u!1001 &1501725894
Prefab:
  m_ObjectHideFlags: 0
  serializedVersion: 2
  m_Modification:
    m_TransformParent: {fileID: 170124504}
    m_Modifications:
    - target: {fileID: 4880098661453440, guid: e93aae60b2fee61418ecce16c961fdd3, type: 2}
      propertyPath: m_LocalPosition.x
      value: 15.64843
      objectReference: {fileID: 0}
    - target: {fileID: 4880098661453440, guid: e93aae60b2fee61418ecce16c961fdd3, type: 2}
      propertyPath: m_LocalPosition.y
      value: 7.938222
      objectReference: {fileID: 0}
    - target: {fileID: 4880098661453440, guid: e93aae60b2fee61418ecce16c961fdd3, type: 2}
      propertyPath: m_LocalPosition.z
      value: -3.8383074
      objectReference: {fileID: 0}
    - target: {fileID: 4880098661453440, guid: e93aae60b2fee61418ecce16c961fdd3, type: 2}
      propertyPath: m_LocalRotation.x
      value: -0.39785725
      objectReference: {fileID: 0}
    - target: {fileID: 4880098661453440, guid: e93aae60b2fee61418ecce16c961fdd3, type: 2}
      propertyPath: m_LocalRotation.y
      value: -0.8219069
      objectReference: {fileID: 0}
    - target: {fileID: 4880098661453440, guid: e93aae60b2fee61418ecce16c961fdd3, type: 2}
      propertyPath: m_LocalRotation.z
      value: -0.29696807
      objectReference: {fileID: 0}
    - target: {fileID: 4880098661453440, guid: e93aae60b2fee61418ecce16c961fdd3, type: 2}
      propertyPath: m_LocalRotation.w
      value: 0.27926448
      objectReference: {fileID: 0}
    - target: {fileID: 4880098661453440, guid: e93aae60b2fee61418ecce16c961fdd3, type: 2}
      propertyPath: m_RootOrder
      value: 3
      objectReference: {fileID: 0}
    - target: {fileID: 1103436292963756, guid: e93aae60b2fee61418ecce16c961fdd3, type: 2}
      propertyPath: m_Name
      value: BullSkull (1)
      objectReference: {fileID: 0}
    - target: {fileID: 4880098661453440, guid: e93aae60b2fee61418ecce16c961fdd3, type: 2}
      propertyPath: m_LocalScale.x
      value: 0.10000004
      objectReference: {fileID: 0}
    - target: {fileID: 4880098661453440, guid: e93aae60b2fee61418ecce16c961fdd3, type: 2}
      propertyPath: m_LocalScale.y
      value: 0.100000024
      objectReference: {fileID: 0}
    - target: {fileID: 4880098661453440, guid: e93aae60b2fee61418ecce16c961fdd3, type: 2}
      propertyPath: m_LocalScale.z
      value: 0.10000004
      objectReference: {fileID: 0}
    - target: {fileID: 4880098661453440, guid: e93aae60b2fee61418ecce16c961fdd3, type: 2}
      propertyPath: m_LocalEulerAnglesHint.y
      value: -161.54901
      objectReference: {fileID: 0}
    - target: {fileID: 4880098661453440, guid: e93aae60b2fee61418ecce16c961fdd3, type: 2}
      propertyPath: m_LocalEulerAnglesHint.z
      value: 43.912003
      objectReference: {fileID: 0}
    - target: {fileID: 4880098661453440, guid: e93aae60b2fee61418ecce16c961fdd3, type: 2}
      propertyPath: m_LocalEulerAnglesHint.x
      value: -45.265003
      objectReference: {fileID: 0}
    m_RemovedComponents: []
  m_SourcePrefab: {fileID: 100100000, guid: e93aae60b2fee61418ecce16c961fdd3, type: 2}
  m_IsPrefabAsset: 0
--- !u!4 &1501725895 stripped
Transform:
  m_CorrespondingSourceObject: {fileID: 4880098661453440, guid: e93aae60b2fee61418ecce16c961fdd3,
    type: 2}
  m_PrefabInternal: {fileID: 1501725894}
--- !u!1001 &1544050974
Prefab:
  m_ObjectHideFlags: 0
  serializedVersion: 2
  m_Modification:
    m_TransformParent: {fileID: 170124504}
    m_Modifications:
    - target: {fileID: 400000, guid: 335b72359e4abfe4abe08982595c71eb, type: 2}
      propertyPath: m_LocalPosition.x
      value: 15.835611
      objectReference: {fileID: 0}
    - target: {fileID: 400000, guid: 335b72359e4abfe4abe08982595c71eb, type: 2}
      propertyPath: m_LocalPosition.y
      value: 8.231967
      objectReference: {fileID: 0}
    - target: {fileID: 400000, guid: 335b72359e4abfe4abe08982595c71eb, type: 2}
      propertyPath: m_LocalPosition.z
      value: -10.299419
      objectReference: {fileID: 0}
    - target: {fileID: 400000, guid: 335b72359e4abfe4abe08982595c71eb, type: 2}
      propertyPath: m_LocalRotation.x
      value: -0.15114371
      objectReference: {fileID: 0}
    - target: {fileID: 400000, guid: 335b72359e4abfe4abe08982595c71eb, type: 2}
      propertyPath: m_LocalRotation.y
      value: -0.62195665
      objectReference: {fileID: 0}
    - target: {fileID: 400000, guid: 335b72359e4abfe4abe08982595c71eb, type: 2}
      propertyPath: m_LocalRotation.z
      value: 0.76789147
      objectReference: {fileID: 0}
    - target: {fileID: 400000, guid: 335b72359e4abfe4abe08982595c71eb, type: 2}
      propertyPath: m_LocalRotation.w
      value: 0.025852028
      objectReference: {fileID: 0}
    - target: {fileID: 400000, guid: 335b72359e4abfe4abe08982595c71eb, type: 2}
      propertyPath: m_RootOrder
      value: 5
      objectReference: {fileID: 0}
    - target: {fileID: 400000, guid: 335b72359e4abfe4abe08982595c71eb, type: 2}
      propertyPath: m_LocalEulerAnglesHint.y
      value: -55.645004
      objectReference: {fileID: 0}
    - target: {fileID: 400000, guid: 335b72359e4abfe4abe08982595c71eb, type: 2}
      propertyPath: m_LocalEulerAnglesHint.x
      value: 71.33
      objectReference: {fileID: 0}
    - target: {fileID: 400000, guid: 335b72359e4abfe4abe08982595c71eb, type: 2}
      propertyPath: m_LocalEulerAnglesHint.z
      value: 134.65701
      objectReference: {fileID: 0}
    - target: {fileID: 400000, guid: 335b72359e4abfe4abe08982595c71eb, type: 2}
      propertyPath: m_LocalScale.x
      value: 1
      objectReference: {fileID: 0}
    - target: {fileID: 400000, guid: 335b72359e4abfe4abe08982595c71eb, type: 2}
      propertyPath: m_LocalScale.y
      value: 1
      objectReference: {fileID: 0}
    - target: {fileID: 400000, guid: 335b72359e4abfe4abe08982595c71eb, type: 2}
      propertyPath: m_LocalScale.z
      value: 1
      objectReference: {fileID: 0}
    m_RemovedComponents: []
  m_SourcePrefab: {fileID: 100100000, guid: 335b72359e4abfe4abe08982595c71eb, type: 2}
  m_IsPrefabAsset: 0
--- !u!4 &1544050975 stripped
Transform:
  m_CorrespondingSourceObject: {fileID: 400000, guid: 335b72359e4abfe4abe08982595c71eb,
    type: 2}
  m_PrefabInternal: {fileID: 1544050974}
--- !u!1001 &1549569618
Prefab:
  m_ObjectHideFlags: 0
  serializedVersion: 2
  m_Modification:
    m_TransformParent: {fileID: 170124504}
    m_Modifications:
    - target: {fileID: 400000, guid: cdd25694e888802408bdcdd423f7d5c8, type: 2}
      propertyPath: m_LocalPosition.x
      value: 12.56843
      objectReference: {fileID: 0}
    - target: {fileID: 400000, guid: cdd25694e888802408bdcdd423f7d5c8, type: 2}
      propertyPath: m_LocalPosition.y
      value: 8.038222
      objectReference: {fileID: 0}
    - target: {fileID: 400000, guid: cdd25694e888802408bdcdd423f7d5c8, type: 2}
      propertyPath: m_LocalPosition.z
      value: -0.7783079
      objectReference: {fileID: 0}
    - target: {fileID: 400000, guid: cdd25694e888802408bdcdd423f7d5c8, type: 2}
      propertyPath: m_LocalRotation.x
      value: -0.24056867
      objectReference: {fileID: 0}
    - target: {fileID: 400000, guid: cdd25694e888802408bdcdd423f7d5c8, type: 2}
      propertyPath: m_LocalRotation.y
      value: 0.22672687
      objectReference: {fileID: 0}
    - target: {fileID: 400000, guid: cdd25694e888802408bdcdd423f7d5c8, type: 2}
      propertyPath: m_LocalRotation.z
      value: -0.647302
      objectReference: {fileID: 0}
    - target: {fileID: 400000, guid: cdd25694e888802408bdcdd423f7d5c8, type: 2}
      propertyPath: m_LocalRotation.w
      value: 0.6868201
      objectReference: {fileID: 0}
    - target: {fileID: 400000, guid: cdd25694e888802408bdcdd423f7d5c8, type: 2}
      propertyPath: m_RootOrder
      value: 2
      objectReference: {fileID: 0}
    - target: {fileID: 400000, guid: cdd25694e888802408bdcdd423f7d5c8, type: 2}
      propertyPath: m_LocalEulerAnglesHint.z
      value: -87.34701
      objectReference: {fileID: 0}
    - target: {fileID: 400000, guid: cdd25694e888802408bdcdd423f7d5c8, type: 2}
      propertyPath: m_LocalEulerAnglesHint.x
      value: -2.117
      objectReference: {fileID: 0}
    - target: {fileID: 400000, guid: cdd25694e888802408bdcdd423f7d5c8, type: 2}
      propertyPath: m_LocalEulerAnglesHint.y
      value: 38.558002
      objectReference: {fileID: 0}
    - target: {fileID: 400000, guid: cdd25694e888802408bdcdd423f7d5c8, type: 2}
      propertyPath: m_LocalScale.y
      value: 1
      objectReference: {fileID: 0}
    m_RemovedComponents: []
  m_SourcePrefab: {fileID: 100100000, guid: cdd25694e888802408bdcdd423f7d5c8, type: 2}
  m_IsPrefabAsset: 0
--- !u!4 &1549569619 stripped
Transform:
  m_CorrespondingSourceObject: {fileID: 400000, guid: cdd25694e888802408bdcdd423f7d5c8,
    type: 2}
  m_PrefabInternal: {fileID: 1549569618}
--- !u!224 &1572599816 stripped
RectTransform:
  m_CorrespondingSourceObject: {fileID: 224824388197049722, guid: fc85bd2f966b8f94086e5bda639f5274,
    type: 2}
  m_PrefabInternal: {fileID: 2140662539}
--- !u!1001 &1787426036
Prefab:
  m_ObjectHideFlags: 0
  serializedVersion: 2
  m_Modification:
    m_TransformParent: {fileID: 170124504}
    m_Modifications:
    - target: {fileID: 400000, guid: cdd25694e888802408bdcdd423f7d5c8, type: 2}
      propertyPath: m_LocalPosition.x
      value: -1.2815709
      objectReference: {fileID: 0}
    - target: {fileID: 400000, guid: cdd25694e888802408bdcdd423f7d5c8, type: 2}
      propertyPath: m_LocalPosition.y
      value: 7.978222
      objectReference: {fileID: 0}
    - target: {fileID: 400000, guid: cdd25694e888802408bdcdd423f7d5c8, type: 2}
      propertyPath: m_LocalPosition.z
      value: -4.2783074
      objectReference: {fileID: 0}
    - target: {fileID: 400000, guid: cdd25694e888802408bdcdd423f7d5c8, type: 2}
      propertyPath: m_LocalRotation.x
      value: -0
      objectReference: {fileID: 0}
    - target: {fileID: 400000, guid: cdd25694e888802408bdcdd423f7d5c8, type: 2}
      propertyPath: m_LocalRotation.y
      value: -0
      objectReference: {fileID: 0}
    - target: {fileID: 400000, guid: cdd25694e888802408bdcdd423f7d5c8, type: 2}
      propertyPath: m_LocalRotation.z
      value: -0.63518155
      objectReference: {fileID: 0}
    - target: {fileID: 400000, guid: cdd25694e888802408bdcdd423f7d5c8, type: 2}
      propertyPath: m_LocalRotation.w
      value: 0.77236295
      objectReference: {fileID: 0}
    - target: {fileID: 400000, guid: cdd25694e888802408bdcdd423f7d5c8, type: 2}
      propertyPath: m_RootOrder
      value: 1
      objectReference: {fileID: 0}
    - target: {fileID: 100000, guid: cdd25694e888802408bdcdd423f7d5c8, type: 2}
      propertyPath: m_Name
      value: mace (1)
      objectReference: {fileID: 0}
    - target: {fileID: 400000, guid: cdd25694e888802408bdcdd423f7d5c8, type: 2}
      propertyPath: m_LocalEulerAnglesHint.z
      value: -78.867004
      objectReference: {fileID: 0}
    - target: {fileID: 400000, guid: cdd25694e888802408bdcdd423f7d5c8, type: 2}
      propertyPath: m_LocalScale.x
      value: 1
      objectReference: {fileID: 0}
    - target: {fileID: 400000, guid: cdd25694e888802408bdcdd423f7d5c8, type: 2}
      propertyPath: m_LocalScale.y
      value: 1
      objectReference: {fileID: 0}
    m_RemovedComponents: []
  m_SourcePrefab: {fileID: 100100000, guid: cdd25694e888802408bdcdd423f7d5c8, type: 2}
  m_IsPrefabAsset: 0
--- !u!4 &1787426037 stripped
Transform:
  m_CorrespondingSourceObject: {fileID: 400000, guid: cdd25694e888802408bdcdd423f7d5c8,
    type: 2}
  m_PrefabInternal: {fileID: 1787426036}
--- !u!1001 &1816624610
Prefab:
  m_ObjectHideFlags: 0
  serializedVersion: 2
  m_Modification:
    m_TransformParent: {fileID: 170124504}
    m_Modifications:
    - target: {fileID: 400000, guid: 335b72359e4abfe4abe08982595c71eb, type: 2}
      propertyPath: m_LocalPosition.x
      value: -0.45857096
      objectReference: {fileID: 0}
    - target: {fileID: 400000, guid: 335b72359e4abfe4abe08982595c71eb, type: 2}
      propertyPath: m_LocalPosition.y
      value: 8.071222
      objectReference: {fileID: 0}
    - target: {fileID: 400000, guid: 335b72359e4abfe4abe08982595c71eb, type: 2}
      propertyPath: m_LocalPosition.z
      value: -13.288307
      objectReference: {fileID: 0}
    - target: {fileID: 400000, guid: 335b72359e4abfe4abe08982595c71eb, type: 2}
      propertyPath: m_LocalRotation.x
      value: 0.66311854
      objectReference: {fileID: 0}
    - target: {fileID: 400000, guid: 335b72359e4abfe4abe08982595c71eb, type: 2}
      propertyPath: m_LocalRotation.y
      value: -0.23832263
      objectReference: {fileID: 0}
    - target: {fileID: 400000, guid: 335b72359e4abfe4abe08982595c71eb, type: 2}
      propertyPath: m_LocalRotation.z
      value: 0.23619373
      objectReference: {fileID: 0}
    - target: {fileID: 400000, guid: 335b72359e4abfe4abe08982595c71eb, type: 2}
      propertyPath: m_LocalRotation.w
      value: 0.66909546
      objectReference: {fileID: 0}
    - target: {fileID: 400000, guid: 335b72359e4abfe4abe08982595c71eb, type: 2}
      propertyPath: m_RootOrder
      value: 0
      objectReference: {fileID: 0}
    - target: {fileID: 100000, guid: 335b72359e4abfe4abe08982595c71eb, type: 2}
      propertyPath: m_Name
      value: dark_sword (1)
      objectReference: {fileID: 0}
    - target: {fileID: 400000, guid: 335b72359e4abfe4abe08982595c71eb, type: 2}
      propertyPath: m_LocalEulerAnglesHint.y
      value: -39.210003
      objectReference: {fileID: 0}
    - target: {fileID: 400000, guid: 335b72359e4abfe4abe08982595c71eb, type: 2}
      propertyPath: m_LocalEulerAnglesHint.x
      value: 89.48601
      objectReference: {fileID: 0}
    - target: {fileID: 400000, guid: 335b72359e4abfe4abe08982595c71eb, type: 2}
      propertyPath: m_LocalEulerAnglesHint.z
      value: 0
      objectReference: {fileID: 0}
    - target: {fileID: 400000, guid: 335b72359e4abfe4abe08982595c71eb, type: 2}
      propertyPath: m_LocalScale.y
      value: 1
      objectReference: {fileID: 0}
    m_RemovedComponents: []
  m_SourcePrefab: {fileID: 100100000, guid: 335b72359e4abfe4abe08982595c71eb, type: 2}
  m_IsPrefabAsset: 0
--- !u!4 &1816624611 stripped
Transform:
  m_CorrespondingSourceObject: {fileID: 400000, guid: 335b72359e4abfe4abe08982595c71eb,
    type: 2}
  m_PrefabInternal: {fileID: 1816624610}
--- !u!1001 &1868247339
Prefab:
  m_ObjectHideFlags: 0
  serializedVersion: 2
  m_Modification:
    m_TransformParent: {fileID: 170124504}
    m_Modifications:
    - target: {fileID: 400000, guid: f9beeb34d54ecdd4c80a88dfe4fe6a5a, type: 2}
      propertyPath: m_LocalPosition.x
      value: 12.5484295
      objectReference: {fileID: 0}
    - target: {fileID: 400000, guid: f9beeb34d54ecdd4c80a88dfe4fe6a5a, type: 2}
      propertyPath: m_LocalPosition.y
      value: 8.068222
      objectReference: {fileID: 0}
    - target: {fileID: 400000, guid: f9beeb34d54ecdd4c80a88dfe4fe6a5a, type: 2}
      propertyPath: m_LocalPosition.z
      value: -8.918307
      objectReference: {fileID: 0}
    - target: {fileID: 400000, guid: f9beeb34d54ecdd4c80a88dfe4fe6a5a, type: 2}
      propertyPath: m_LocalRotation.x
      value: -0.5942442
      objectReference: {fileID: 0}
    - target: {fileID: 400000, guid: f9beeb34d54ecdd4c80a88dfe4fe6a5a, type: 2}
      propertyPath: m_LocalRotation.y
      value: 0.34275553
      objectReference: {fileID: 0}
    - target: {fileID: 400000, guid: f9beeb34d54ecdd4c80a88dfe4fe6a5a, type: 2}
      propertyPath: m_LocalRotation.z
      value: 0.36353314
      objectReference: {fileID: 0}
    - target: {fileID: 400000, guid: f9beeb34d54ecdd4c80a88dfe4fe6a5a, type: 2}
      propertyPath: m_LocalRotation.w
      value: 0.63026685
      objectReference: {fileID: 0}
    - target: {fileID: 400000, guid: f9beeb34d54ecdd4c80a88dfe4fe6a5a, type: 2}
      propertyPath: m_RootOrder
      value: 4
      objectReference: {fileID: 0}
    - target: {fileID: 400000, guid: f9beeb34d54ecdd4c80a88dfe4fe6a5a, type: 2}
      propertyPath: m_LocalEulerAnglesHint.x
      value: -86.630005
      objectReference: {fileID: 0}
    - target: {fileID: 400000, guid: f9beeb34d54ecdd4c80a88dfe4fe6a5a, type: 2}
      propertyPath: m_LocalEulerAnglesHint.z
      value: 59.952003
      objectReference: {fileID: 0}
    - target: {fileID: 400000, guid: f9beeb34d54ecdd4c80a88dfe4fe6a5a, type: 2}
      propertyPath: m_LocalScale.x
      value: 1
      objectReference: {fileID: 0}
    - target: {fileID: 400000, guid: f9beeb34d54ecdd4c80a88dfe4fe6a5a, type: 2}
      propertyPath: m_LocalScale.y
      value: 1
      objectReference: {fileID: 0}
    - target: {fileID: 400000, guid: f9beeb34d54ecdd4c80a88dfe4fe6a5a, type: 2}
      propertyPath: m_LocalScale.z
      value: 1
      objectReference: {fileID: 0}
    m_RemovedComponents: []
  m_SourcePrefab: {fileID: 100100000, guid: f9beeb34d54ecdd4c80a88dfe4fe6a5a, type: 2}
  m_IsPrefabAsset: 0
--- !u!4 &1868247340 stripped
Transform:
  m_CorrespondingSourceObject: {fileID: 400000, guid: f9beeb34d54ecdd4c80a88dfe4fe6a5a,
    type: 2}
  m_PrefabInternal: {fileID: 1868247339}
--- !u!1001 &2140662539
Prefab:
  m_ObjectHideFlags: 0
  serializedVersion: 2
  m_Modification:
    m_TransformParent: {fileID: 242738157}
    m_Modifications:
    - target: {fileID: 224824388197049722, guid: fc85bd2f966b8f94086e5bda639f5274,
        type: 2}
      propertyPath: m_LocalPosition.x
      value: 0
      objectReference: {fileID: 0}
    - target: {fileID: 224824388197049722, guid: fc85bd2f966b8f94086e5bda639f5274,
        type: 2}
      propertyPath: m_LocalPosition.y
      value: 0
      objectReference: {fileID: 0}
    - target: {fileID: 224824388197049722, guid: fc85bd2f966b8f94086e5bda639f5274,
        type: 2}
      propertyPath: m_LocalPosition.z
      value: 0
      objectReference: {fileID: 0}
    - target: {fileID: 224824388197049722, guid: fc85bd2f966b8f94086e5bda639f5274,
        type: 2}
      propertyPath: m_LocalRotation.x
      value: 0
      objectReference: {fileID: 0}
    - target: {fileID: 224824388197049722, guid: fc85bd2f966b8f94086e5bda639f5274,
        type: 2}
      propertyPath: m_LocalRotation.y
      value: 0
      objectReference: {fileID: 0}
    - target: {fileID: 224824388197049722, guid: fc85bd2f966b8f94086e5bda639f5274,
        type: 2}
      propertyPath: m_LocalRotation.z
      value: 0
      objectReference: {fileID: 0}
    - target: {fileID: 224824388197049722, guid: fc85bd2f966b8f94086e5bda639f5274,
        type: 2}
      propertyPath: m_LocalRotation.w
      value: 1
      objectReference: {fileID: 0}
    - target: {fileID: 224824388197049722, guid: fc85bd2f966b8f94086e5bda639f5274,
        type: 2}
      propertyPath: m_RootOrder
      value: 2
      objectReference: {fileID: 0}
    - target: {fileID: 224824388197049722, guid: fc85bd2f966b8f94086e5bda639f5274,
        type: 2}
      propertyPath: m_AnchoredPosition.x
      value: 480
      objectReference: {fileID: 0}
    - target: {fileID: 224824388197049722, guid: fc85bd2f966b8f94086e5bda639f5274,
        type: 2}
      propertyPath: m_AnchoredPosition.y
      value: 240
      objectReference: {fileID: 0}
    - target: {fileID: 224824388197049722, guid: fc85bd2f966b8f94086e5bda639f5274,
        type: 2}
      propertyPath: m_SizeDelta.x
      value: 1013
      objectReference: {fileID: 0}
    - target: {fileID: 224824388197049722, guid: fc85bd2f966b8f94086e5bda639f5274,
        type: 2}
      propertyPath: m_SizeDelta.y
      value: 559
      objectReference: {fileID: 0}
    - target: {fileID: 224824388197049722, guid: fc85bd2f966b8f94086e5bda639f5274,
        type: 2}
      propertyPath: m_AnchorMin.x
      value: 0
      objectReference: {fileID: 0}
    - target: {fileID: 224824388197049722, guid: fc85bd2f966b8f94086e5bda639f5274,
        type: 2}
      propertyPath: m_AnchorMin.y
      value: 0
      objectReference: {fileID: 0}
    - target: {fileID: 224824388197049722, guid: fc85bd2f966b8f94086e5bda639f5274,
        type: 2}
      propertyPath: m_AnchorMax.x
      value: 0
      objectReference: {fileID: 0}
    - target: {fileID: 224824388197049722, guid: fc85bd2f966b8f94086e5bda639f5274,
        type: 2}
      propertyPath: m_AnchorMax.y
      value: 0
      objectReference: {fileID: 0}
    - target: {fileID: 224824388197049722, guid: fc85bd2f966b8f94086e5bda639f5274,
        type: 2}
      propertyPath: m_Pivot.x
      value: 0.5
      objectReference: {fileID: 0}
    - target: {fileID: 224824388197049722, guid: fc85bd2f966b8f94086e5bda639f5274,
        type: 2}
      propertyPath: m_Pivot.y
      value: 0.5
      objectReference: {fileID: 0}
    m_RemovedComponents: []
  m_SourcePrefab: {fileID: 100100000, guid: fc85bd2f966b8f94086e5bda639f5274, type: 2}
  m_IsPrefabAsset: 0
